@Book {Szeliski+2011,
author = "Szeliski, Richard, 1958-",
title = "Computer vision : algorithms and applications",
publisher = "Springer",
year = "2011",
address = "London",
isbn = "9781848829343 (hbk.)"
}

@Book {+2008,
title = "Mathematical optimization in computer graphics and vision",
publisher = "Elsevier ; Morgan Kaufmann",
year = "2008",
address = "Amsterdam ; London",
isbn = "9780127159515"
}	

@inproceedings{tingdahl_lncs_11,
  author = {David Tingdahl and Luc Van Gool},
  title = {A Public System for Image Based 3{D} Model Generation},
  booktitle = {Lecture Notes in Computer Science},
  year = {2011},
  pages = {262-273},
  volume = {6930/2011},
  series = {Computer Vision/Computer Graphics Collaboration Techniques 5th International Conference, MIRAGE 2011},
  publisher = {SpringerLink},
}

@inproceedings{ProteusInteractiveSFM,
     author    = {Malte Schwarzkopf and Christian Richardt},
     title     = {Proteus - Semi-Automatic Interactive Structure-from-Motion},
     booktitle = {Vision, Modeling and Visualization Workshop},
     url       = {http://proteus.malteschwarzkopf.de/},
     month     = november,
     year      = {2009},
     location  = {Braunschweig, Germany},
}

  @misc{ProteusInteractiveSFMDiss,
          author    = {Malte Schwarzkopf},
          title     = {Proteus - Interactive Annotation-Based 3D Structure-from-Motion},
          url       = {http://proteus.malteschwarzkopf.de/},
          month     = may,
          year      = {2009},
          location  = {Cambridge, UK},
        }

@Book {+1990,
title = "Image understanding 1989",
publisher = "Ablex",
year = "1990",
address = "Norwood, New Jersey",
isbn = "0893915475"
}

@Book {Hartley+2001,
author = "Hartley, Richard",
title = "Multiple view geometry in computer vision",
publisher = "Cambridge University Press",
year = "2001",
address = "Cambridge",
edition = "Repr., with corrections",
isbn = "0521623049"
}

@Book {Forsyth+2003,
author = "Forsyth, David",
title = "Computer vision : a modern approach",
publisher = "Prentice Hall ;",
year = "2003",
address = "Upper Saddle River, N.J",
isbn = "0130851981"
}

@book{paragios2006handbook,
  title={Handbook of Mathematical Models in Computer Vision},
  author={Paragios, N. and Chen, Y. and Faugeras, O.D.},
  isbn={9780387288314},
  lccn={20055167},
  url={http://books.google.co.uk/books?id=pPSK7\_9R4IsC},
  year={2006},
  publisher={Springer}
}

@Book {Shapiro+2001,
author = "Shapiro, Linda G",
title = "Computer vision",
publisher = "Prentice Hall ; Prentice Hall International",
year = "2001",
address = "Upper Saddle River, N.J",
isbn = "9780130307965"
}

@Book {Lelis+Baggio+2012,
author = "Lelis Baggio, Daniel",
title = "Mastering OpenCV with practical computer vision projects [electronic resource]",
publisher = "Packt Pub",
year = "2012",
address = "Birmingham, UK",
isbn = "9781849517836",
url = "http://ezproxy.lib.cam.ac.uk:2048/login?url=http://app.knovel.com/hotlink/toc/id:kpMOCVPCV1/mastering-opencv-with"
}

@Book {+2006,
title = "Handbook of mathematical models in computer vision",
publisher = "Springer Science+Business Media, Inc",
year = "2006",
address = "New York, NY",
isbn = "9780387263717",
url = "http://www.loc.gov/catdir/enhancements/fy0663/2005051679-d.html"
}

@article{Borgo:2012:SAR:2393476.2393481,
 author = {Borgo, R. and Chen, M. and Daubney, B. and Grundy, E. and Heidemann, G. and H\&\#x00f6;ferlin, B. and H\&\#x00f6;ferlin, M. and Leitte, H. and Weiskopf, D. and Xie, X.},
 title = {State of the Art Report on Video-Based Graphics and Video Visualization},
 journal = {Comp. Graph. Forum},
 issue_date = {December 2012},
 volume = {31},
 number = {8},
 month = dec,
 year = {2012},
 issn = {0167-7055},
 pages = {2450--2477},
 numpages = {28},
 url = {http://dx.doi.org/10.1111/j.1467-8659.2012.03158.x},
 doi = {10.1111/j.1467-8659.2012.03158.x},
 acmid = {2393481},
 publisher = {John Wiley \& Sons, Inc.},
 address = {New York, NY, USA},
 keywords = {I.2.10 [Artificial Intelligence]: Vision and Scene Understanding, I.3.8 [Computer Graphics]: Applications, Time-varying Imagery H.5.1 [Information Interface and Presentation]: Multimedia Information Systems\&\#x2014;Video, Video Analysis I.3.3 [Computer Graphics]: Picture/Image Generation, Visualization I.4.8 [Image Processing and Computer Vision]: Scene Analysis},
} 

@article{CGV-007,
url = {http://dx.doi.org/10.1561/0600000007},
year = {2008},
volume = {4},
journal = {Foundations and TrendsÂ® in Computer Graphics and Vision},
title = {3D Reconstruction from Multiple Images Part 1: Principles},
doi = {10.1561/0600000007},
issn = {1572-2740},
number = {4},
pages = {287-404},
author = {Theo Moons, Luc Van Gool and Maarten Vergauwen}
}

@Book {Shirley+2009,
author = "Shirley, P. (Peter), 1963-",
title = "Fundamentals of computer graphics",
publisher = "CRC Press, Taylor & Francis Group",
year = "2009",
address = "Boca Raton [Florida]",
edition = "Third edition",
isbn = "9781568814698"
}

@Book {Foley+1990,
author = "Foley, James D., 1942-",
title = "Computer graphics : principles and practice",
publisher = "Addison-Wesley Publishing Company",
year = "1990",
address = "Reading, Massachusetts",
edition = "Second edition",
isbn = "9780201121100"
}





